2725 4694
196 416 433 473 tuebare.
480 429 513 468 κ

476 206 639 308 354·
690 161 713 236 ·.
788 205 829 262 1
899 281 906 290 ,
1046 205 1990 310 &pe-‚mamm
2397 327 2408 335 ·

636 416 839 474 sau.
876 335 1341 477 noemin-rr
1375 343 2550 501 (Aetfflifflsacrorum‘rq‘ometo-

479 526 666 598 rum,
721 495 997 577 Cadomi
1041 498 1113 573 iit
1148 501 1382 577 From:
1453 497 1670 597 ‘allum
1710 502 1765 602 †
1800 500 2049 602 1667)
2087 497 2560 601 Geographia

474 603 674 683 sacra
700 609 778 681 in
800 603 975 680 duas
1050 618 1235 682 artes
1258 522 1506 700 diva
1530 627 1840 705 quarum
1866 604 1899 678 1
1925 604 2204 706 Phateg·
2231 600 2563 704 inscripta

478 705 603 789 seu
626 706 717 784 de
747 704 969 807 disper
997 729 1170 783 ione
1194 707 1564 804 gentium3
1613 707 1679 784 11
1711 710 2024 805 δαηααη,
2063 704 2189 784 seu
2231 704 2325 783 de
2348 707 2564 786 colo·

478 817 618 889 niis
656 827 734 890 et
774 808 1106 890 sermone
1149 806 1648 888 Phoenicium.
1691 809 1979 896 ,cadomi
2017 816 2236 903 1646.
2275 805 2434 896 soi..
2462 844 2564 890 -·.·-

462 911 714 996 Editio
737 918 962 1012 tertia,
1001 906 1350 1014 prioribus
1377 912 1773 995 coffeffior
1796 932 1871 996 et
1894 913 2347 1017 splendidior,
2391 936 2565 1016 pro-

342 1067 346 1078 ·
479 1036 727 1099 curata
765 1041 809 1094 a
861 1040 1209 1104 Pereo,
1245 1014 1331 1092 de
1379 1038 2003 1097 vutssuannr.
2105 1016 2336 1120 Lnga.
2387 1016 2560 1095 But.

491 1127 712 1216 1692.
741 1116 864 1207 sol,
909 1144 1082 1211 cum
1121 1109 1420 1200 caeteris
1440 1120 1779 1201 Bochai-ti
1804 1121 2177 1225 operibus,
2224 1121 2328 1197 111
2370 1121 2559 1212 Voll,

316 1247 331 1260 ·
476 1219 1089 1305 constituentibus.
1138 1266 1248 1286 --
1284 1224 1573 1302 Maiore
1608 1223 2026 1306 eruditionis
2070 1229 2319 1326 copia,
2362 1221 2562 1327 saga·

202 1360 209 1371 ·
302 1381 307 1390 ·
467 1319 682 1408 ‘ciore
707 1334 922 1406 etiam
950 1326 1235 1420 iudicio,
1277 1349 1501 1428 quam
1526 1325 1897 1431 scriptores
1923 1329 2305 1428 hucusque
2333 1351 2383 1403 a
2420 1353 2559 1422 no·

471 1432 587 1511 bis
610 1438 984 1529 nominati,
998 1423 1403 1512 Bochartus
1430 1437 1745 1533 origines
1759 1431 2197 1534 populorum
2221 1427 2560 1532 antiquis-

472 1530 827 1615 simorum
856 1534 1328 1636 perscrutatus
1356 1529 1492 1623 est3
1521 1536 1748 1614 multa
1772 1553 1969 1615 certe
1992 1532 2257 1612 refflus
2283 1541 2562 1615 velius·

410 1683 415 1686 -
473 1661 575 1718 ve
599 1636 993 1743 disputavit,
1021 1661 1251 1740 quam
1270 1653 1487 1715 antea
1512 1635 1828 1727 factunu
1878 1638 2221 1740 pluraque
2235 1696 2262 1735 ‚
2304 1635 2558 1737 credo,

473 1736 575 1819 fic·
602 1738 1016 1844 disputaffet,
1057 1736 1472 1843 nisi-opibus
1497 1742 1840 1821 litterariis
1864 1746 2076 1819 variis
2109 1757 2330 1840 atque
2360 1740 2560 1820 adiu·

351 1891 369 1928 s
472 1852 737 1926 mentis
751 1891 775 1940 ,
836 1869 992 1925 non
1034 1843 1183 1941 sua,
1226 1842 1343 1921 sed
1372 1840 1625 1922 saeculi
1657 1839 2061 1924 infelicitate
2087 1843 2175 1922 ac
2197 1842 2558 1944 socordia,

470 1944 818 2030 earuiffet.
866 1946 1058 2028 Sunt
1081 1954 1294 2050 igitur
1321 1948 1396 2041 et
1421 1945 1522 2025 sui
1549 1948 1916 2027 Bocharto
1939 1954 2176 2040 naevi,
2217 1954 2560 2049 tempori,

473 2071 634 2157 quo
658 2052 975 2150 vivebat,
1018 2076 1170 2155 quo
1207 2057 1484 2130 critices
1520 2051 1728 2129 sanae
1760 2047 1933 2129 usus
1974 2049 2312 2130 nondum
2351 2056 2562 2128 inva-

316 2215 321 2226 ι
470 2159 730 2254 luerat,
759 2180 913 2259 quo
942 2153 1552 2255 variaArabicae,
1587 2179 1682 2233 ac
1704 2152 2035 2256 Syriacae
2057 2159 2414 2255 inprimiS,
2457 2157 2562 2233 hi*-

471 2256 729 2339 storiae
754 2283 841 2337 ac
873 2259 1349 2362 geographiae
1377 2262 1830 2339 monimenta
1856 2263 2105 2360 ignota
2135 2273 2371 2354 erant,
2400 2283 2559 2338 non

470 2365 752 2449 homini
796 2358 1256 2442 eruditiffimu
1303 2362 1719 2465 imputandi.
1832 2362 1918 2440 In
1957 2360 2217 2463 quibus
2252 2369 2561 2464 primus,

471 2464 675 2570 quod
714 2472 925 2571 nimis
967 2467 1428 2570 etymologiis
1475 2472 1862 2557 nominum
1911 2467 2376 2567 propriomm
2392 2522 2420 2560 ,
2486 2482 2562 2545 et

471 2593 658 2649 vero
688 2595 780 2646 ex
810 2571 1051 2671 lingua
1076 2569 1432 2648 Hebraica
1455 2575 1710 2672 petitis,
1731 2569 1889 2665 ⁴ind⁸
2022 2566 2167 2662 bat,
2198 2565 2560 2668 quaestio·

468 2699 607 2754 nes
626 2675 1166 2776 geographicas,
1211 2698 1399 2778 quae
1437 2690 1638 2752 totae
1668 2672 1829 2751 sunt
1909 2679 1924 2694 ⁶
2036 2676 2249 2767 ricae,
2288 2678 2368 2748 in
2396 2689 2560 2776 ety-

200 2782 209 2797 '
346 2865 351 2871 ,
463 2778 872 2879 mologicas
915 2795 1230 2859 mutans.
1334 2775 1620 2854 Deinde
1650 2772 1930 2855 testium
1970 2774 2350 2875 aliquando
2396 2798 2560 2861 non

469 2906 636 2960 eam
665 2880 876 2960 habet
899 2888 1293 2978 rationem,
1335 2905 1557 2985 quam
1598 2878 1842 2959 haberi
1878 2885 1961 2959 in
1987 2873 2405 2981 quaestione
2438 2879 2556 2956 hi-

469 2982 708 3073 storici
728 2992 1008 3086 generis
1033 2983 1138 3064 fas
1165 3000 1336 3063 erat.
1434 2986 1586 3062 lam
1610 2989 1807 3091 enim
1832 2978 2040 3061 testes
2083 3004 2224 3059 nec
2250 2980 2554 3087 diligen-

471 3106 583 3168 ter
608 3088 789 3187 satis,
813 3115 954 3167 nec
981 3112 1240 3168 omnes
1267 3085 1486 3185 audit,
1524 3086 1980 3192 etymologiis
2007 3090 2384 3178 intentus}
2410 3091 2557 3166 iam

166 3264 197 3297 .,-
247 3250 257 3257 -
356 3254 384 3287 ‚
468 3187 795 3293 fingulos
834 3193 1008 3271 nihil
1038 3188 1315 3271 absurdi
1351 3188 1709 3289 dicentes,
1746 3191 1948 3268 nullo
1977 3204 2415 3288 argumento
2456 3192 2555 3269 al-

316 3308 325 3325 '
468 3295 663 3411 lato,
708 3322 857 3375 una
884 3318 1075 3377 voce
1116 3292 1478 3398 repudiat3
1539 3299 1685 3373 iam
1725 3311 1802 3372 et
1837 3293 2146 3396 plurium
2182 3288 2558 3373 consensui

402 4132 410 4149 ἱ

676 3400 997 3503 ologicas
1018 3398 1175 3479 suas
1203 3396 1655 3479 coniecturas
1731 3393 2006 3474 raefert.
2075 3396 2423 3473 Tertium
2447 3402 2555 3475 ni·

470 3490 545 3580 hi
572 3510 575 3513 ’
600 3500 747 3581 fere
790 3510 1125 3606 ignorare
1149 3502 1552 3581 Bochai-tus
1582 3500 1650 3578 di
1696 3507 1914 3579 icerat
1928 3556 1953 3596 ,
1989 3504 2203 3577 nimis
2243 3492 2554 3581 fidenter

471 3602 566 3683 de
592 3602 1090 3686 obscurissimis
1115 3604 1555 3703 nominibus,
1578 3597 1729 3684 fine
1745 3600 1956 3698 teste,
1980 3596 2132 3680 fine
2157 3610 2553 3683 nominum

468 3719 871 3805 concentu,
893 3717 1039 3797 iam
1069 3706 1486 3806 asseverare,
1511 3714 1657 3787 iam
1685 3711 2045 3787 coniicere
2074 3702 2340 3786 solitus.
2393 3708 2552 3786 De-

467 3814 691 3914 nique
738 3830 812 3892 et
851 3815 1002 3894 hoc
1041 3811 1389 3916 displicet,
1452 3809 1656 3916 quod
1688 3832 2227 3912 nonnunquam
2264 3806 2551 3892 senten·

472 3920 646 3994 tiam
672 3912 822 3994 fine
848 3918 988 3995 ulla
1015 3914 1218 3995 causa
1246 3920 1517 4021 arripit,
1557 3912 1919 4095 semelque
1953 3914 2029 3990 in
2071 3920 2553 4016 patrocinium

467 4014 1105 4122 susceptam,omni
1134 4037 1370 4116 ornat,
1400 4043 1584 4120 quae
1609 4027 1685 4099 in
1708 4023 1775 4121 ip
1805 4041 1856 4096 o
1884 4022 2192 4093 maxima
2220 4033 2399 4116 erat,
2421 4017 2553 4098 do-

471 4120 751 4228 &rinae
765 4130 1127 4223 varietate,
1168 4132 1910 4230 argumentorumque
1924 4177 1952 4221 ,
1993 4126 2072 4201 in
2099 4119 2361 4226 quibus
2387 4147 2548 4307 neiis:

850 4319 1007 4341 fe
