2725 4694
263 188 266 191 ’
351 238 362 244 ,
463 249 486 286 s
610 196 1021 293 ‚Compsam
1043 189 1349 295 historiae
1374 180 1795 298 universsit‘s}
2113 148 2309 296 ἐῢ.

184 378 322 457 sed
346 394 627 471 tantum
654 398 976 486 veju-quae
1001 388 1076 460 in
1102 382 1369 463 Petavii
1397 383 1811 473 Rationario
1850 397 2264 486 temporum
2335 388 2339 393 ’
2469 403 2481 410 “

119 540 128 549 „
182 479 352 560 slve
372 491 446 561 in
473 485 1002 587 chronologicis
1017 544 1040 583 ,
1081 482 1238 565 five*
1268 492 1352 565 'in
1380 485 1521 588 ipsa
1559 511 1802 565 rerum
1846 486 2266 575 tractatione
2322 528 2351 579 g

181 592 443 664 minus
474 586 869 687 placebant,
899 590 1303 685 emendare,
1346 607 1421 667 et
1439 587 1700 679 fontes,
1741 615 1833 665 ex
1908 590 2113 667 uibus
2138 615 2264 690 pe·-

183 695 249 766 ti
286 690 488 788 plura
513 687 813 791 poffent,
855 693 1092 793 paullo
1122 699 1516 771 accuratius
1543 697 1617 771 'et
1642 700 1856 793 copio
1882 715 1996 769 ius
2031 692 2262 771 edere.
2361 694 2369 707 “

184 792 670 897 Qapropter
696 800 909 872 etiam*
940 795 1027 871 ab
1060 799 1261 873 initio
1287 814 1483 891 non,
1509 790 1635 872 nisi
1671 793 2064 896 postulante
2091 820 2265 873 cau·-

183 891 293 990 sa,
328 918 369 970 a
412 895 645 974 verbis
670 894 937 974 Petavii
962 896 1355 999 ordineque
1387 893 1701 977 disceffit.
1804 896 2053 978 Postea
2092 924 2268 976 cum

184 994 638 1096 procedente
675 1022 898 1101 opere
937 999 1419 1099 intelligeret„
1454 1000 1654 1103 plura
1699 995 2101 1097 defiderari,
2150 1007 2265 1078 inv·

181 1104 591 1201 primisque
643 1103 912 1181 nullam
965 1100 1113 1179 fere
1164 1099 1495 1181 historiae
1542 1097 2045 1193 ecclesiasticae
2086 1107 2267 1181 novi

187 1197 592 1280 testamenti
619 1210 967 1283 rationem
997 1205 1368 1285 Petavium
1395 1203 1742 1305 habuisse,
1779 1212 2148 1309 magisque
2187 1211 2307 1286 in*
2422 1190 2425 1199 ¹

186 1303 417 1396 rebus
459 1294 787 1405 GalliciS,
852 1318 1071 1411 quam
1116 1306 1568 1388 Germanicis
1607 1310 2040 1410 aliarumque
2083 1332 2265 1408 gen-

185 1412 384 1485 tium
403 1465 425 1501 ,
455 1406 829 1505 desudaffe‚
879 1412 1118 1512 paullo
1159 1409 1438 1490 liberius
1499 1437 1541 1488 a
1579 1410 1875 1489 Petavio
1924 1427 2270 1510 evagatus

105 1602 108 1605 Ι
192 1504 325 1606 est,
353 1514 743 1615 multaque,
774 1506 957 1612 quae
986 1515 1120 1599 ille,
1144 1510 1292 1593 five
1329 1521 1406 1591 in
1455 1512 1735 1593 historia
1774 1509 1964 1591 sacra
2005 1508 2152 1591 five
2191 1517 2273 1593 in

191 1612 500 1715 profana
546 1610 845 1693 omififi‘e
880 1616 1272 1711 videbatur,
1313 1614 1610 1706 addidit3
1677 1613 2101 1719 insuperque
2138 1637 2277 1717 ge-
2412 1610 2413 1613 ‘

193 1717 572 1817 nealogica
601 1726 675 1794 in
704 1727 1104 1799 recentiore
1131 1712 1414 1799 historia
1438 1715 1846 1798 interseruit.
1921 1716 2065 1794 Res
2091 1715 2271 1820 ipsas
2348 1814 2353 1821 ι

192 1841 591 1921 rerumque
620 1820 898 1919 causas,
948 1822 1146 1900 domi
1189 1821 1463 1924 plenius
1501 1819 1982 1923 explicandas,
2024 1837 2270 1897 extre-

66 1976 100 2045 ι
194 1947 332 2000 mo
370 1939 647 2002 tantum
692 1925 910 2025 digito
943 1918 1439 2003 Offerhaufius
1480 1932 1735 2025 attigit:
1790 1928 2161 2025 magisque
2197 1919 2273 2002 id

187 2018 328 2102 sibi
374 2031 640 2126 negotii
682 2026 926 2105 datum
965 2035 1278 2130 putavit,
1319 2043 1404 2106 ut
1433 2052 1665 2117 nexus
1706 2025 2027 2107 servandi
2067 2023 2273 2102 causa
2348 2112 2349 2115 Ἴ

195 2134 543 2230 principia
594 2147 666 2207 et
712 2138 941 2209 exitus
991 2155 1231 2209 rerum
1248 2188 1272 2228 ,
1339 2148 1497 2231 tum
1540 2136 1912 2232 praecipue
1968 2134 2274 2207 nomina

155 2257 161 2299 1
195 2232 853 2333 propria‘locorum
878 2251 950 2313 et
973 2227 1383 2337 hominum,
1419 2258 1603 2336 quae
1633 2230 1900 2311 facilius
1939 2229 2270 2329 effluunt,
2346 2264 2355 2273 ·

196 2332 592 2433 exhiberet,
620 2353 692 2416 et
714 2342 792 2432 in
818 2342 1059 2441 primis
1090 2357 1398 2444 tempus,
1415 2363 1567 2439 quo
1595 2361 1712 2414 res
1741 2340 2068 2439 quaeque
2086 2360 2271 2414 con·
2376 2397 2381 2402 .

147 2505 150 2508 ,
195 2445 380 2539 tigit,
419 2448 814 2521 accuratius
854 2436 1267 2544 defignaret.
1373 2444 1460 2518 ln
1495 2437 1775 2519 historia
1814 2435 2274 2534 ecclesiastica
2406 2453 2413 2468 “

196 2543 614 2641 ‘generalem
643 2560 922 2623 tantum
964 2538 1297 2624 ecclesiae
1338 2550 1686 2644 cuiusque
1727 2540 1981 2620 saeculi
2018 2538 2277 2620 faciem

198 2643 640 2745 informavit,
684 2663 758 2727 et
796 2646 1036 2726 causas
1069 2652 1492 2726 incrementi
1532 2669 1615 2722 ac
1658 2644 2094 2723 decrementi
2136 2668 2277 2745 po·-
2358 2713 2363 2716 ,

197 2756 483 2830 tentiae.
509 2764 582 2826 et
621 2749 1030 2858 domipatus
1074 2743 1502 2850 pontificum
1552 2745 2056 2826 Romanorum
2096 2739 2296 2848 desi-3<

198 2858 493 2951 gnavit3
589 2878 667 2929 er
707 2849 810 2931 fin
912 2854 1013 2931 las·
1045 2859 1247 2930 fenim
1278 2867 1534 2953 gentes
1573 2857 1675 2926 ire
1702 2854 1911 2929 nimis
1938 2849 2274 2949 longum,

203 2972 283 3031 et
314 2954 403 3046 ab
442 2961 459 2976 ’
575 2962 755 3035 ‘tuto
828 2979 929 3037 uo
968 2959 1279 3033 alienum
1319 2951 1704 3033 videbatur.
1806 2950 2277 3056 Eandemque

204 3056 310 3135 ob
335 3055 614 3146 causam
651 3065 728 3135 in
754 3056 1035 3139 historia
1060 3060 1356 3137 literaria
1387 3063 1805 3158 praecipuos
1832 3072 2111 3134 tantum
2139 3080 2278 3134 eu-

145 3223 153 3232 .
202 3165 464 3262 iusque
513 3159 765 3239 saeculi
813 3161 1128 3243 eruditos
1169 3159 1540 3240 recensuit.
1641 3162 1979 3261 Denique
2032 3155 2276 3254 fontes

200 3268 630 3343 narrationis
667 3271 941 3343 maiore
981 3289 1190 3363 cura,
1228 3289 1448 3368 quam
1488 3261 1580 3341 ab
1619 3263 1763 3359 aliis
1801 3269 2128 3364 unquam
2167 3256 2276 3338 fa·-

204 3365 406 3445 stum
422 3425 447 3464 ,
495 3361 879 3469 adscripfit3
966 3375 1264 3448 nomina
1295 3367 1714 3464 austorum,
1760 3364 2006 3459 libros,
2052 3370 2279 3467 capita

205 3488 336 3568 aut
357 3476 645 3571 paginas
668 3470 1381 3574 diligenternotavit3
1420 3476 1499 3547 in
1540 3495 1694 3571 quo
1737 3493 1824 3547 ea
1866 3461 1991 3545 fibi
2032 3473 2276 3548 cautio

204 3569 364 3672 fuit,
394 3579 645 3674 partim
668 3590 775 3670 ut,
814 3573 1055 3676 quoad
1080 3575 1297 3670 licuit,
1326 3598 1546 3676 quam
1571 3566 2069 3654 vetuffiffimos
2093 3589 2166 3651 et
2188 3571 2275 3648 il·-

205 3675 919 3779 lorum-temporum,
960 3675 1051 3755 de
1078 3676 1335 3779 quibus
1360 3682 1614 3779 agitur,
1649 3677 1768 3755 vel
1798 3676 2131 3778 aequales
2156 3670 2279 3753 vel

208 3777 540 3881 suppares
586 3780 943 3860 adhiberet
958 3839 981 3878 ,
1015 3788 1294 3884 ‘partim
1345 3796 1428 3858 ut
1471 3804 1637 3859 raro
1686 3780 1864 3859 alios
1913 3784 2281 3877 excitaret,

210 3903 428 4059 guam
458 3906 647 3984 quos
668 3881 808 3985 ipse
833 3880 1262 3986 inspexeran
1329 3871 1799 3961 Recentiores
1819 3889 2097 3983 parcius
2126 3881 2284 3958 lau·-

73 4043 80 4044 f
211 3981 230 4006 ”
262 3991 430 4078 avit,
459 4009 598 4063 nec
622 4003 865 4064 tamen
894 3995 1175 4088 penitus
1201 4009 1332 4067 eos
1355 3986 1701 4087 neglexit,
1738 3990 1863 4085 qui
1890 3986 2009 4063 vel
2033 3979 2157 4086 ipsi
2185 4004 2283 4060 ex
2316 4007 2319 4010 ·

210 4082 534 4190 profesto,
547 4089 857 4196 aliquam
887 4088 1169 4186 causam
1194 4089 1707 4277 tragaverant,
1735 4087 1856 4170 vel
1876 4084 2117 4267 fontes·
2136 4108 2282 4269 ἔο-

241 4239 248 4246 ·
311 4263 349 4272 α
445 4241 450 4248 ·
1430 4217 1471 4292 5
2012 4212 2063 4299 P
2085 4212 2138 4269 0
2190 4205 2284 4271 ¹³⁹
2350 4277 2358 4289 .
